<?xml version="1.0" encoding="utf-8"?>
<record xmlns="http://www.loc.gov/MARC21/slim" xmlns:xsi="http://www.w3.org/2001/XMLSchema-instance" xsi:schemaLocation="http://www.loc.gov/MARC21/slim http://www.loc.gov/standards/marcxml/schema/MARC21slim.xsd">
	<leader>     nam a22     Mi 4500</leader>
	<controlfield tag="001">b13763829</controlfield>
	<controlfield tag="003">UaCaAUL</controlfield>
	<controlfield tag="006">m        d        </controlfield>
	<controlfield tag="007">cr cn |||m|||a</controlfield>
	<controlfield tag="008">191028s1913    ua      ob    000 0 ara d</controlfield>
	<datafield ind1=" " ind2=" " tag="040">
		<subfield code="a">ZYU</subfield>
		<subfield code="b">ara</subfield>
		<subfield code="e">rda</subfield>
		<subfield code="c">ZYU</subfield>
	</datafield>
	<datafield ind1="0" ind2="0" tag="050">
		<subfield code="a">DS38.4.U45</subfield>
		<subfield code="b">I25 1913</subfield>
	</datafield>
	<datafield ind1="1" ind2=" " tag="100">
		<subfield code="6">880-01</subfield>
		<subfield code="a">Ibn al-Jawzī, Abū al-Faraj ʻAbd al-Raḥmān ibn ʻAlī,</subfield>
		<subfield code="d">approximately 1116-1201.</subfield>
	</datafield>
	<datafield ind1="1" ind2="0" tag="245">
		<subfield code="6">880-02</subfield>
		<subfield code="a">Sīrat ʻUmar ibn al-Khaṭṭāb :</subfield>
		<subfield code="b">awwalu ḥākim dīmuqrāṭī fī al-Islām /</subfield>
		<subfield code="c">taʼlīf Abī al-Faraj ʻAbd al-Raḥmān ibn ʻAlī ibn Muḥammad Ibn al-Jawzī ; ʻuniya bi-ḍabṭihi, wa-ḥall mushakkalahu, wa-ʻarḍahu ʻalá kutub al-ḥadīth ḥattá jāʼa ghāyatan fī al-ṣiḥḥah wa-al-diqqah Ṭāhir al-Naʻsān al-Ḥamawī wa-Aḥmad Qadrī Kīlānī.</subfield>
	</datafield>
	<datafield ind1="3" ind2=" " tag="246">
		<subfield code="6">880-03</subfield>
		<subfield code="a">Tạrīkh ʻUmar ibn al-Khaṭṭāb</subfield>
	</datafield>
	<datafield ind1="3" ind2=" " tag="246">
		<subfield code="6">880-04</subfield>
		<subfield code="a">Manāqib Amīr al-muʼminīn ʻUmar ibn al-Khaṭṭāb</subfield>
	</datafield>
	<datafield ind1=" " ind2="1" tag="264">
		<subfield code="6">880-05</subfield>
		<subfield code="a">Miṣr :</subfield>
		<subfield code="b">yuṭlabu min al-Maktabah al-Tijārīyah al-Kubrá bi-awwil shāriʻ Muḥammad ʻAlī bi-Miṣr li-ṣāḥibihā Muṣṭfá Muḥammad,</subfield>
		<subfield code="c">1331 [1913]</subfield>
	</datafield>
	<datafield ind1=" " ind2="3" tag="264">
		<subfield code="6">880-06</subfield>
		<subfield code="a">[Cairo] :</subfield>
		<subfield code="b">al-Maṭbaʻah al-Miṣrīyah bi-al-Azʹhar.</subfield>
	</datafield>
	<datafield ind1=" " ind2=" " tag="300">
		<subfield code="a">online resource (226, 5 pages)</subfield>
	</datafield>
	<datafield ind1=" " ind2=" " tag="336">
		<subfield code="a">text</subfield>
		<subfield code="2">rdacontent</subfield>
	</datafield>
	<datafield ind1=" " ind2=" " tag="337">
		<subfield code="a">computer</subfield>
		<subfield code="2">rdamedia</subfield>
	</datafield>
	<datafield ind1=" " ind2=" " tag="338">
		<subfield code="a">online resource</subfield>
		<subfield code="2">rdacarrier</subfield>
	</datafield>
	<datafield ind1=" " ind2=" " tag="500">
		<subfield code="6">880-07</subfield>
		<subfield code="a">Conclusion dated: al-niṣf min Shaʻbān sanat 1331 H.</subfield>
	</datafield>
	<datafield ind1=" " ind2=" " tag="500">
		<subfield code="6">880-08</subfield>
		<subfield code="a">Ḥuqūq al-ṭabʻ maḥfūẓah.</subfield>
	</datafield>
	<datafield ind1=" " ind2=" " tag="500">
		<subfield code="a">Part of the Arabic Collections Online (ACO) project, contributed by American University in Cairo Library.</subfield>
	</datafield>
	<datafield ind1=" " ind2=" " tag="504">
		<subfield code="a">Includes bibliographical references.</subfield>
	</datafield>
	<datafield ind1=" " ind2=" " tag="500">
		<subfield code="a">Library of Congress. Mansuri Book Collection, 8-198.</subfield>
		<subfield code="5">DLC</subfield>
	</datafield>
	<datafield ind1=" " ind2=" " tag="533">
		<subfield code="a">Electronic reproduction.</subfield>
		<subfield code="b">New York, N.Y. :</subfield>
		<subfield code="c">New York University,</subfield>
		<subfield code="d">2019.</subfield>
		<subfield code="5">NNU</subfield>
	</datafield>
	<datafield ind1=" " ind2=" " tag="561">
		<subfield code="a">Purchase of Mahmud al-Mansuri collection, 1945.</subfield>
		<subfield code="5">DLC</subfield>
	</datafield>
	<datafield ind1=" " ind2=" " tag="500">
		<subfield code="a">Former owner's name at base of spine.</subfield>
		<subfield code="5">DLC</subfield>
	</datafield>
	<datafield ind1="0" ind2="0" tag="600">
		<subfield code="a">ʻUmar ibn al-Khaṭṭāb,</subfield>
		<subfield code="c">Caliph,</subfield>
		<subfield code="d">-644.</subfield>
	</datafield>
	<datafield ind1="0" ind2="7" tag="600">
		<subfield code="a">ʻUmar ibn al-Khaṭṭāb,</subfield>
		<subfield code="c">Caliph,</subfield>
		<subfield code="d">-644.</subfield>
		<subfield code="2">fast</subfield>
		<subfield code="0">(OCoLC)fst01852177</subfield>
	</datafield>
	<datafield ind1="1" ind2=" " tag="700">
		<subfield code="6">880-09</subfield>
		<subfield code="a">Ḥamawī, Ṭāhir al-Naʻsān.</subfield>
	</datafield>
	<datafield ind1="1" ind2=" " tag="700">
		<subfield code="6">880-10</subfield>
		<subfield code="a">Kaylānī, Aḥmad Qadrī,</subfield>
		<subfield code="d">1886-1980.</subfield>
	</datafield>
	<datafield ind1="1" ind2=" " tag="700">
		<subfield code="6">880-11</subfield>
		<subfield code="a">Manṣūrī, Maḥmūd al-Imām,</subfield>
		<subfield code="e">former owner.</subfield>
		<subfield code="5">DLC</subfield>
	</datafield>
	<datafield ind1="2" ind2=" " tag="710">
		<subfield code="a">Mansuri Collection (Library of Congress)</subfield>
		<subfield code="5">DLC</subfield>
	</datafield>
	<datafield ind1="2" ind2=" " tag="710">
		<subfield code="a">American University in Cairo.</subfield>
		<subfield code="b">Library.</subfield>
	</datafield>
	<datafield ind1="0" ind2=" " tag="730">
		<subfield code="a">Arabic Collections Online.</subfield>
	</datafield>
	<datafield ind1="0" ind2="8" tag="776">
		<subfield code="i">Online version:</subfield>
		<subfield code="a">Ibn al-Jawzī, Abū al-Faraj ʻAbd al-Raḥmān ibn ʻAlī, approximately 1116-1201.</subfield>
		<subfield code="t">Sīrat ʻUmar ibn al-Khaṭṭāb.</subfield>
		<subfield code="d">Miṣr : al-Maktabah al-Tijārīyah al-Kubrá, [1931]</subfield>
		<subfield code="w">(OCoLC)551475428</subfield>
	</datafield>
	<datafield ind1="0" ind2="8" tag="776">
		<subfield code="i">Print version:</subfield>
		<subfield code="a">Ibn al-Jawzī, Abū al-Faraj ʻAbd al-Raḥmān ibn ʻAlī, approximately 1116-1201.</subfield>
		<subfield code="t">Sīrat ʻUmar ibn al-Khaṭṭāb</subfield>
		<subfield code="w">(UaCaAUL)b13763829</subfield>
		<subfield code="w">(DLC)  2019418079</subfield>
		<subfield code="w">(OCoLC)68178615</subfield>
	</datafield>
	<datafield ind1="4" ind2="0" tag="856">
		<subfield code="u">http://hdl.handle.net/2333.1/g4f4r1b2</subfield>
	</datafield>
	<datafield ind1="1" ind2=" " tag="880">
		<subfield code="6">100-01</subfield>
		<subfield code="a">ابن الجوزي، أبو الفرج عبد الرحمن بن علي،</subfield>
		<subfield code="d">approximately 1116-1201.</subfield>
	</datafield>
	<datafield ind1="1" ind2="0" tag="880">
		<subfield code="6">245-02</subfield>
		<subfield code="a">سيرة عمر بن الخطاب :</subfield>
		<subfield code="b">أول حاكم ديمقراطي في الإسلام /</subfield>
		<subfield code="c">تأليف أبي الفرج عبد الرحمن بن علي بن محمد بن الجوزي ؛ عني بضبطه، وحل مشكله، وعرضه على كتب الحديث حتى جاء غاية في الصحة والدقة طاهر النعسان الحموي وأحمد قدري كيلاني.</subfield>
	</datafield>
	<datafield ind1="3" ind2=" " tag="880">
		<subfield code="6">246-03</subfield>
		<subfield code="a">‏تاريخ عمر بن الخطاب</subfield>
	</datafield>
	<datafield ind1="3" ind2=" " tag="880">
		<subfield code="6">246-04</subfield>
		<subfield code="a">‏مناقب أمير المؤمنين عمر بن الخطاب.</subfield>
	</datafield>
	<datafield ind1=" " ind2="1" tag="880">
		<subfield code="6">264-05</subfield>
		<subfield code="a">مصر :</subfield>
		<subfield code="b">يطلب من المكتبة التجارية الكبرى بأول شارع محمد علي بمصر لصاحبها مصطفى محمد،</subfield>
		<subfield code="c">1331 [1913]</subfield>
	</datafield>
	<datafield ind1=" " ind2="3" tag="880">
		<subfield code="6">264-06</subfield>
		<subfield code="a">[Cairo] :</subfield>
		<subfield code="b">المطبعة المصرية بالأزهر.</subfield>
	</datafield>
	<datafield ind1=" " ind2=" " tag="880">
		<subfield code="6">500-07</subfield>
		<subfield code="a">Conclusion dated: النصف من شعبان سنة 1331 ه.</subfield>
	</datafield>
	<datafield ind1=" " ind2=" " tag="880">
		<subfield code="6">500-08</subfield>
		<subfield code="a">حقوق الطبع محفوظة.</subfield>
	</datafield>
	<datafield ind1="1" ind2=" " tag="880">
		<subfield code="6">700-09</subfield>
		<subfield code="a">حموي، طاهر النعسان.</subfield>
	</datafield>
	<datafield ind1="1" ind2=" " tag="880">
		<subfield code="6">700-10</subfield>
		<subfield code="a">كيلاني، أحمد قدري.</subfield>
	</datafield>
	<datafield ind1="1" ind2=" " tag="880">
		<subfield code="6">700-11</subfield>
		<subfield code="a">منصوري، محمود الامام.</subfield>
	</datafield>
	<datafield ind1=" " ind2=" " tag="959">
		<subfield code="a">NNU</subfield>
		<subfield code="b">WEB</subfield>
		<subfield code="c">GENI</subfield>
		<subfield code="t">0</subfield>
		<subfield code="m">Electronic access</subfield>
		<subfield code="s">01</subfield>
	</datafield>
	<datafield ind1=" " ind2=" " tag="999">
		<subfield code="i">UaCaAUL_b13763829</subfield>
		<subfield code="o">(OCoLC)ocm68178615</subfield>
		<subfield code="s">auc_aco000708</subfield>
		<subfield code="e">(ERROR-880)</subfield>
		<subfield code="s">auc_aco000708</subfield>
	</datafield>
</record>
